@BOOK{bringhurst:2002,
  title = {{T}he {E}lements of {T}ypographic {S}tyle},
  publisher = {Hartley \& Marks Publishers},
  year = {2008},
  author = {Bringhurst, R. },
  series = {Version 3.2},
  address = {Point Roberts, WA, USA}
}

@ARTICLE{knuth:1974,
  author = {Knuth, D. E.},
  title = {{C}omputer {P}rogramming as an {A}rt},
  journal = {Communications of the ACM},
  year = {1974},
  volume = {17},
  pages = {667--673},
  number = {12},
  address = {New York, NY, USA},
  publisher = {ACM Press}
}

@BOOK{verne_journey:1957,
  title={Journey to the Center of the Earth},
  author={Verne, J.},
  isbn={9780758311993},
  series={Classics illustrated},
  year={1957},
  publisher={Huge Print Press}
}

@online{ETI_motorHistory,
  author = {Doppelbauer, Martin},
  title = {The Invention of the Electric Motor},
  year = 2012,
  url = {https://www.eti.kit.edu/english/1376.php},
  urldate = {2012-02-28}
}

@BOOK{constructionism,
  title={Constructionism},
  author={{Seymour Papert}},
  year={1991},
  publisher={Ablex Publishing Corporation}
}

@online{basic_components,
  title = {Electrical Motors Basic Components},
  year = 2012,
  url = {http://www.electrical-knowhow.com/2012/05/electrical-motors-basic-components.html},
  urldate = {2012-05-01}
}

@BOOK{emWaves:1968,
  title={Electromagnetic Waves and Radiating Systems},
  author={Jordan, Edward},
  year={1968},
  publisher={Prentice-Hall}
}

@BOOK{on_electricity:1897,
  title={On Electricity},
  author={Tesla, Nikola},
  year={1897},
  publisher={Electrical Review}
}

@ARTICLE{robi:2017,
  author = {Bascetta, Luca and Baur, Marco and Gruosso, Giambattista},
  title = {ROBIâ€™: A Prototype Mobile Manipulator for Agricultural Applications},
  journal = {MDPI Electronics},
  year = {2017},
  address = {Basel, Switzerland},
  publisher = {MDPI}
}

@BOOK{sistemi_di_controllo:2007,
  title={Tecnologie dei sistemi di controllo},
  author={Magnani, GianAntonio and Ferretti, Gianni and Rocco, Paolo},
  year={2007},
  publisher={McGraw-Hill}
}

@BOOK{AC_drives,
  title={Performance and Design of Permanent Magnet AC Motor Drives},
  author={Bose, B. K. and Jahns, T. M. and Lorenz, R. D. and Pfaff, G. and Pillay, P. and Rashid, M. H. and Sebastian, T. and Slemon, G. R.},
  year={1989},
  publisher={IEEE}
}

@online{GhioniElecDrives,
    author    = {Ghioni, Massimo},
    title     = {Introduction to Electrical Drives},
    url       = {ftp://ftp.elet.polimi.it/users/Massimo.Ghioni/Power%20Electronics%20/Motor%20control/motor%20control%20overview/INTRODUCTION%20TO%20ELECTRICAL%20DRIVES.pdf}
}

@misc{GhioniPowerElec,
  author = {Ghioni, Massimo},
  title = {Lecture notes in Power Electronics},
  year = {2016},
  publisher = {Politecnico di Milano}
}

@manual{microchipBLDC,
  author = {Padmaraja Yedamale},
  title = {Brushless DC (BLDC) Motor Fundamentals},
  year = {2003},
  publisher = {Microchip Technology Inc.}
}

@ARTICLE{robi2:2017,
  author = {Bascetta, Luca and Baur, Marco and Gruosso, Giambattista},
  title = {Electrical Unmanned Vehicle Architecture for precision farming applications},
  year = {2017},
  address = {Milan, Italy}
}