@article{miller1979humanistic,
  title={A humanistic rationale for technical writing},
  author={Miller, Carolyn R},
  journal={College English},
  volume={40},
  number={6},
  pages={610--617},
  year={1979},
  publisher={JSTOR}
}
@article{GuoPMSMefficiency2016,
  title={Maximum Efficiency per Torque Control of Permanent-Magnet Synchronous Machines},
  author={Guo, Qingbo},
  year={2016},
  publisher={MDPI Applied Sciences}
}
@book{MaxwellEqs,
    author    = "Fleish, Daniel",
    title     = "A Student's Guide to Maxwell's Equations",
    pages = "45--71",
    year      = "2008",
    publisher = "Cambridge University Press",
    address   = "The Edinburgh Building, Cambridge CB2 8RU, UK"
}
@misc{GhioniElecDrives,
    author    = "Ghioni, Massimo",
    title     = "Introduction to Electrical Drives",
    url       = "ftp://ftp.elet.polimi.it/users/Massimo.Ghioni/"
}
@misc{VedderSite,
    author    = "Vedder, Benjamin",
    title     = "VESC: Open Source ESC",
    url       = "http://vedder.se/2015/01/vesc-open-source-esc/"
}
@misc{MiosixSite,
    author    = "Terraneo, Federico",
    title     = "Miosix",
    url       = "https://miosix.org"
}
@manual{TIDRV8302,
    organization  = "Texas Instruments",
    title         = "Three Phase Pre-Driver with Dual Current Shunt Amplifiers and Buck Regulator Hardware Controlled",
    number        = "DRV8302",
    year          =  "2011",
    note          = "Rev. 1"
}
@manual{BLDCMotorManual,
    organization  = "Nanotec",
    title         = "DB42S03 Brushless DC Motor Datasheet",
    number        = "DB42S03",
    year          =  "2007",
    note          = "Rev. 1"
}
@manual{STM32F405Datasheet,
    organization  = "STMicroelectronics",
    title         = "STM32F405xx and STM32F407xx Datasheet",
    number        = "DocID022152",
    year          =  "2016",
    note          = "Rev. 8"
}
@manual{NIPID,
    organization  = "National Instruments",
    title         = "PID Theory Explained",
    number        = "3782",
    year          =  "2011",
    note          = "Rev. 1"
}